<record><leader>00000cas a22000007a 4500</leader><controlfield tag="001">12606126</controlfield><controlfield tag="008">850926d1880188uiaudn ne      0    0eng d</controlfield><datafield ind1=" " ind2=" " tag="010"><subfield code="a">sn 85050937 </subfield></datafield><datafield ind1=" " ind2=" " tag="040"><subfield code="a">INP</subfield><subfield code="b">eng</subfield><subfield code="c">INP</subfield><subfield code="d">OCLCQ</subfield></datafield><datafield ind1=" " ind2=" " tag="042"><subfield code="a">msc</subfield></datafield><datafield ind1="0" ind2=" " tag="130"><subfield code="a">Daily times-Republican (Marshalltown, Iowa)</subfield></datafield><datafield ind1="1" ind2="0" tag="245"><subfield code="a">Daily times-Republican.</subfield></datafield><datafield ind1="3" ind2="0" tag="246"><subfield code="a">Times-Republican</subfield></datafield><datafield ind1=" " ind2=" " tag="260"><subfield code="a">Marshalltown, Iowa :</subfield><subfield code="b">Times-Republican Print. Co.</subfield></datafield><datafield ind1=" " ind2=" " tag="300"><subfield code="a">v. :</subfield><subfield code="b">ill. (chiefly advertisements) ;</subfield><subfield code="c">61 cm.</subfield></datafield><datafield ind1=" " ind2=" " tag="310"><subfield code="a">Daily (except weekends)</subfield></datafield><datafield ind1="1" ind2=" " tag="362"><subfield code="a">Began in 1880.</subfield><subfield code="z">Cf. Bibl. of Iowa newspapers.</subfield></datafield><datafield ind1=" " ind2=" " tag="500"><subfield code="a">Originally edited by: H.L. Merriman.</subfield></datafield><datafield ind1=" " ind2=" " tag="588"><subfield code="a">Description based on: Vol. 7, no. 37 (Feb. 10, 1881).</subfield></datafield><datafield ind1=" " ind2=" " tag="752"><subfield code="a">United States</subfield><subfield code="b">Iowa</subfield><subfield code="c">Marshall</subfield><subfield code="d">Marshalltown.</subfield></datafield><datafield ind1="0" ind2="4" tag="780"><subfield code="t">Marshall daily times</subfield><subfield code="w">(DLC)sn 84038327</subfield></datafield><datafield ind1="0" ind2="4" tag="780"><subfield code="t">Marshall weekly Republican</subfield><subfield code="w">(DLC)sn 86060365</subfield></datafield><datafield ind1="0" ind2="0" tag="785"><subfield code="t">Marshall daily times-Republican</subfield><subfield code="w">(DLC)sn 85049555</subfield></datafield><datafield ind1="1" ind2=" " tag="029"><subfield code="a">AU@</subfield><subfield code="b">000025790334</subfield></datafield></record>